@comment{x-kbibtex-personnameformatting=<%f ><%l><, %s>}

% This file was created with JabRef 2.10.
% Encoding: UTF-8

@techreport{iso27001:2013,
	address = "Genf, Schweiz",
	author = "ISO/IEC",
	date-modified = "2014-11-17 07:40:40 +0000",
	institution = "ISO/IEC",
	keywords = "information security",
	title = "{{ISO/IEC} 27001: {I}nformation technology -- {S}ecurity techniques -- {I}nformation security management systems -- {R}equirements}",
	volume = "2",
	year = "2013"
}